% This file was created with Citavi 6.8.0.0

@proceedings{.32019,
 year = {32019},
 title = {{2019 IEEE Aerospace Conference}},
 publisher = {IEEE},
 isbn = {978-1-5386-6854-2}
}


@inproceedings{Matthes.32019,
 author = {Matthes, Christopher S.R. and Woerner, David F. and Caillat, Thierry and Pinkowski, Stanley},
 title = {{A Status Update on the eMMRTG Project}},
 pages = {1--9},
 bookpagination = {page},
 publisher = {IEEE},
 isbn = {978-1-5386-6854-2},
 booktitle = {{2019 IEEE Aerospace Conference}},
 year = {32019},
 doi = {\url{10.1109/AERO.2019.8741919}},
 file = {https://ieeexplore.ieee.org/document/8741919/}
}


@book{Messerschmid.2011,
 author = {Messerschmid, Ernst and Fasoulas, Stefanos},
 year = {2011},
 title = {{Raumfahrtsysteme: Eine Einf{\"u}hrung mit {\"U}bungen und L{\"o}sungen}},
 price = {ca. EUR 54.95, ca. sfr 80.00 (freier Pr.)},
 address = {Berlin},
 edition = {4., neu bearb. Aufl.},
 publisher = {Springer},
 isbn = {978-3642128165},
 file = {http://deposit.d-nb.de/cgi-bin/dokserv?id=3449965&prov=M&dok_var=1&dok_ext=htm},
 file = {http://www.gbv.de/dms/goettingen/623673657.pdf},
 file = {http://d-nb.info/1001251571/04}
}


@misc{R.Abelsonetal..2004,
 author = {{R. Abelson et al.}},
 date = {2004},
 title = {{Enabling Exploration with Small Radioisotope Power Systems}},
 number = {JPL Pub 04-10},
 editor = {{NASA JPL}}
}


@misc{S.Magdum.2019,
 author = {{S. Magdum}},
 date = {2019},
 title = {{Model Based Development of The Enhanced Multi-Mission Radioisotope Thermoelectric Generator and Effect of Thermoelectric Element Length on eMMRTG}},
 url = {\url{http://homepages.wmich.edu/~leehs/ME539/Final%20Presentation%20on%20eMMRTG.pdf}},
 editor = {{Western Michigan University}}
}


@misc{T.Caillatetal..2020,
 author = {{T. Caillat et al.}},
 date = {2020},
 title = {{AN UPDATE ON THE DEVELOPMENT OF SKUTTERUDITE-BASED THERMOELECTRIC TECHNOLOGY FOR INTEGRATION INTO A POTENTIAL ENHANCED MULTI-MISSION RADIOISOTOPE THERMOELECTRIC GENERATOR (eMMRTG)}},
 editor = {{Nuclear and Emerging Technologies for Space (NETS) Congress 2020}}
}


